@article{lamport1978time,
  title={Time, clocks, and the ordering of events in a distributed system},
  author={Lamport, Leslie},
  journal={Communications of the ACM},
  volume={21},
  number={7},
  pages={558--565},
  year={1978},
  publisher={ACM}
}

@inproceedings {state-machine-replication,
author = {Cheng Wang and Xusheng Chen and Weiwei Jia and Boxuan Li and Haoran Qiu and Shixiong Zhao and Heming Cui},
title = {{PLOVER}: Fast, Multi-core Scalable Virtual Machine Fault-tolerance},
booktitle = {15th {USENIX} Symposium on Networked Systems Design and Implementation ({NSDI} 18)},
year = {2018},
isbn = {978-1-931971-43-0},
address = {Renton, WA},
pages = {483--489},
url = {https://www.usenix.org/conference/nsdi18/presentation/wang},
publisher = {{USENIX} Association},
}

@book{birman1985replication,
  title={Replication and fault-tolerance in the ISIS system},
  author={Birman, Kenneth P},
  volume={19},
  number={5},
  year={1985},
  publisher={ACM}
}

@inproceedings{raft,
  title={In search of an understandable consensus algorithm.},
  author={Ongaro, Diego and Ousterhout, John K},
  booktitle={USENIX Annual Technical Conference},
  pages={305--319},
  year={2014}
}

@article{abadi2012consistency,
  title={Consistency tradeoffs in modern distributed database system design: CAP is only part of the story},
  author={Abadi, Daniel},
  journal={Computer},
  volume={45},
  number={2},
  pages={37--42},
  year={2012},
  publisher={IEEE}
}

@article{chandy1985distributed,
  title={Distributed snapshots: Determining global states of distributed systems},
  author={Chandy, K Mani and Lamport, Leslie},
  journal={ACM Transactions on Computer Systems (TOCS)},
  volume={3},
  number={1},
  pages={63--75},
  year={1985},
  publisher={ACM}
}

@inproceedings{ports2015designing,
  title={Designing Distributed Systems Using Approximate Synchrony in Data Center Networks.},
  author={Ports, Dan RK and Li, Jialin and Liu, Vincent and Sharma, Naveen Kr and Krishnamurthy, Arvind},
  booktitle={NSDI},
  pages={43--57},
  year={2015}
}

@article{perry2015fastpass,
  title={Fastpass: A centralized zero-queue datacenter network},
  author={Perry, Jonathan and Ousterhout, Amy and Balakrishnan, Hari and Shah, Devavrat and Fugal, Hans},
  journal={ACM SIGCOMM Computer Communication Review},
  volume={44},
  number={4},
  pages={307--318},
  year={2015},
  publisher={ACM}
}

@inproceedings{li2016just,
  title={Just Say NO to Paxos Overhead: Replacing Consensus with Network Ordering.},
  author={Li, Jialin and Michael, Ellis and Sharma, Naveen Kr and Szekeres, Adriana and Ports, Dan RK},
  booktitle={OSDI},
  pages={467--483},
  year={2016}
}

@inproceedings{brewer2000towards,
  title={Towards robust distributed systems},
  author={Brewer, Eric A},
  booktitle={PODC},
  volume={7},
  year={2000}
}

@inproceedings{kalia2016fasst,
  title={FaSST: Fast, Scalable and Simple Distributed Transactions with Two-Sided (RDMA) Datagram RPCs.},
  author={Kalia, Anuj and Kaminsky, Michael and Andersen, David G},
  booktitle={OSDI},
  pages={185--201},
  year={2016}
}

@inproceedings{wei2015fast,
  title={Fast in-memory transaction processing using RDMA and HTM},
  author={Wei, Xingda and Shi, Jiaxin and Chen, Yanzhe and Chen, Rong and Chen, Haibo},
  booktitle={Proceedings of the 25th Symposium on Operating Systems Principles},
  pages={87--104},
  year={2015},
  organization={ACM}
}

@inproceedings{chen2016fast,
  title={Fast and general distributed transactions using RDMA and HTM},
  author={Chen, Yanzhe and Wei, Xingda and Shi, Jiaxin and Chen, Rong and Chen, Haibo},
  booktitle={Proceedings of the Eleventh European Conference on Computer Systems},
  pages={26},
  year={2016},
  organization={ACM}
}

@article{defago2004total,
  title={Total order broadcast and multicast algorithms: Taxonomy and survey},
  author={D{\'e}fago, Xavier and Schiper, Andr{\'e} and Urb{\'a}n, P{\'e}ter},
  journal={ACM Computing Surveys (CSUR)},
  volume={36},
  number={4},
  pages={372--421},
  year={2004},
  publisher={ACM}
}

@misc{wolski2009tatp,
  title={TATP Benchmark Description (Version 1.0)},
  author={Wolski, A},
  year={2009}
}

@misc{smallbank,
  title={SmallBank Benchmark},
  author={THE H-STORE TEAM},
  url={http://hstore.cs.brown.edu/documentation/
deployment/benchmarks/smallbank/}
}

@misc{tpcc,
  title={TPC-C Benchmark V5},
  author={THE TRANSACTION PROCESSING COUNCIL},
  url={http://www.tpc.org/tpcc/}
}

@inproceedings{lim2014mica,
  title={MICA: A holistic approach to fast in-memory key-value storage},
  author={Lim, Hyeontaek and Han, Donsu and Andersen, David G and Kaminsky, Michael},
  year={2014},
  organization={USENIX}
}

@inproceedings{kaestle2016machine,
  title={Machine-Aware Atomic Broadcast Trees for Multicores.},
  author={Kaestle, Stefan and Achermann, Reto and Haecki, Roni and Hoffmann, Moritz and Ramos, Sabela and Roscoe, Timothy},
  booktitle={OSDI},
  volume={16},
  pages={33--48},
  year={2016}
}

@inproceedings{jin2018netchain,
  title={NetChain: Scale-Free Sub-RTT Coordination},
  author={Jin, Xin and Li, Xiaozhou and Zhang, Haoyu and Foster, Nate and Lee, Jeongkeun and Soul{\'e}, Robert and Kim, Changhoon and Stoica, Ion},
  booktitle={15th {USENIX} Symposium on Networked Systems Design and Implementation ({NSDI} 18)},
  pages={35--49},
  year={2018},
  organization={USENIX Association}
}

@inproceedings{geng2018exploiting,
  title={Exploiting a Natural Network Effect for Scalable, Fine-grained Clock Synchronization},
  author={Geng, Yilong and Liu, Shiyu and Yin, Zi and Naik, Ashish and Prabhakar, Balaji and Rosenblum, Mendel and Vahdat, Amin},
  booktitle={15th {USENIX} Symposium on Networked Systems Design and Implementation ({NSDI} 18)},
  pages={81--94},
  year={2018},
  organization={USENIX Association}
}

@article{bosshart2014p4,
  title={P4: Programming protocol-independent packet processors},
  author={Bosshart, Pat and Daly, Dan and Gibb, Glen and Izzard, Martin and McKeown, Nick and Rexford, Jennifer and Schlesinger, Cole and Talayco, Dan and Vahdat, Amin and Varghese, George and others},
  journal={ACM SIGCOMM Computer Communication Review},
  volume={44},
  number={3},
  pages={87--95},
  year={2014},
  publisher={ACM}
}

@book{cheriton1994understanding,
  title={Understanding the limitations of causally and totally ordered communication},
  author={Cheriton, David R and Skeen, Dale},
  volume={27},
  number={5},
  year={1994},
  publisher={ACM}
}

@misc{arista-eos,
  title={Arista EOS},
  url={https://www.arista.com/en/products/eos}
}

@inproceedings{mittal2015timely,
  title={TIMELY: RTT-based congestion control for the datacenter},
  author={Mittal, Radhika and Dukkipati, Nandita and Blem, Emily and Wassel, Hassan and Ghobadi, Monia and Vahdat, Amin and Wang, Yaogong and Wetherall, David and Zats, David and others},
  booktitle={ACM SIGCOMM Computer Communication Review},
  volume={45},
  number={4},
  pages={537--550},
  year={2015},
  organization={ACM}
}

@article{saltzer1984end,
  title={End-to-end arguments in system design},
  author={Saltzer, Jerome H and Reed, David P and Clark, David D},
  journal={ACM Transactions on Computer Systems (TOCS)},
  volume={2},
  number={4},
  pages={277--288},
  year={1984},
  publisher={ACM}
}

@article{anna,
	title={Anna: A KVS For Any Scale},
    author={Wu, Chenggang and Faleiro, Jose M. and  Lin, Yihan and Hellerstein, Joseph M.},
    year={2018},
    publisher={IEEE}
}

@article{kung1981optimistic,
  title={On optimistic methods for concurrency control},
  author={Kung, Hsiang-Tsung and Robinson, John T},
  journal={ACM Transactions on Database Systems (TODS)},
  volume={6},
  number={2},
  pages={213--226},
  year={1981},
  publisher={ACM}
}


@inproceedings{kaminsky2016design,
  title={Design guidelines for high performance RDMA systems},
  author={Kaminsky, Anuj Kalia Michael and Andersen, David G},
  booktitle={2016 USENIX Annual Technical Conference},
  pages={437},
  year={2016}
}

@article{carey1986performance,
  title={The performance of multiversion concurrency control algorithms},
  author={Carey, Michael J and Muhanna, Waleed A},
  journal={ACM Transactions on Computer Systems (TOCS)},
  volume={4},
  number={4},
  pages={338--378},
  year={1986},
  publisher={ACM}
}

@article{attiya1994sequential,
  title={Sequential consistency versus linearizability},
  author={Attiya, Hagit and Welch, Jennifer L},
  journal={ACM Transactions on Computer Systems (TOCS)},
  volume={12},
  number={2},
  pages={91--122},
  year={1994},
  publisher={ACM}
}

@inproceedings{eris,
  title={Eris: Coordination-Free Consistent Transactions Using In-Network Concurrency Control},
  author={Jialin Li, Ellis Michael and Dan R. K. Ports},
  booktitle={Proceedings of the 26th Symposium on Operating Systems Principles},
  year={2017},
  organization={ACM}
}

@article{dang2016network,
  title={Network hardware-accelerated consensus},
  author={Dang, Huynh Tu and Bressana, Pietro and Wang, Han and Lee, Ki Suh and Weatherspoon, Hakim and Canini, Marco and Pedone, Fernando and Soul{\'e}, Robert},
  journal={arXiv preprint arXiv:1605.05619},
  year={2016}
}

@article{dang2016paxos,
  title={Paxos made switch-y},
  author={Dang, Huynh Tu and Canini, Marco and Pedone, Fernando and Soul{\'e}, Robert},
  journal={ACM SIGCOMM Computer Communication Review},
  volume={46},
  number={1},
  pages={18--24},
  year={2016},
  publisher={ACM}
}

@inproceedings{dang2015netpaxos,
  title={NetPaxos: Consensus at network speed},
  author={Dang, Huynh Tu and Sciascia, Daniele and Canini, Marco and Pedone, Fernando and Soul{\'e}, Robert},
  booktitle={Proceedings of the 1st ACM SIGCOMM Symposium on Software Defined Networking Research},
  pages={5},
  year={2015},
  organization={ACM}
}

@inproceedings{li2016fast,
  title={Be Fast, Cheap and in Control with SwitchKV.},
  author={Li, Xiaozhou and Sethi, Raghav and Kaminsky, Michael and Andersen, David G and Freedman, Michael J},
  booktitle={NSDI},
  pages={31--44},
  year={2016}
}

@inproceedings{lloyd2011don,
  title={Don't settle for eventual: scalable causal consistency for wide-area storage with COPS},
  author={Lloyd, Wyatt and Freedman, Michael J and Kaminsky, Michael and Andersen, David G},
  booktitle={Proceedings of the Twenty-Third ACM Symposium on Operating Systems Principles},
  pages={401--416},
  year={2011},
  organization={ACM}
}

@inproceedings{lloyd2013stronger,
  title={Stronger Semantics for Low-Latency Geo-Replicated Storage.},
  author={Lloyd, Wyatt and Freedman, Michael J and Kaminsky, Michael and Andersen, David G},
  booktitle={NSDI},
  volume={13},
  pages={313--328},
  year={2013}
}

@inproceedings{li2012making,
  title={Making Geo-Replicated Systems Fast as Possible, Consistent when Necessary.},
  author={Li, Cheng and Porto, Daniel and Clement, Allen and Gehrke, Johannes and Pregui{\c{c}}a, Nuno M and Rodrigues, Rodrigo},
  booktitle={OSDI},
  volume={12},
  pages={265--278},
  year={2012}
}

@article{thomas1979majority,
  title={A majority consensus approach to concurrency control for multiple copy databases},
  author={Thomas, Robert H},
  journal={ACM Transactions on Database Systems (TODS)},
  volume={4},
  number={2},
  pages={180--209},
  year={1979},
  publisher={ACM}
}

@inproceedings{cho2017credit,
  title={Credit-Scheduled Delay-Bounded Congestion Control for Datacenters},
  author={Cho, Inho and Jang, Keon and Han, Dongsu},
  booktitle={Proceedings of the Conference of the ACM Special Interest Group on Data Communication},
  pages={239--252},
  year={2017},
  organization={ACM}
}

@inproceedings{hawblitzel2015ironfleet,
  title={IronFleet: proving practical distributed systems correct},
  author={Hawblitzel, Chris and Howell, Jon and Kapritsos, Manos and Lorch, Jacob R and Parno, Bryan and Roberts, Michael L and Setty, Srinath and Zill, Brian},
  booktitle={Proceedings of the 25th Symposium on Operating Systems Principles},
  pages={1--17},
  year={2015},
  organization={ACM}
}

@inproceedings{kalia2016fasst,
  title={FaSST: Fast, Scalable and Simple Distributed Transactions with Two-Sided (RDMA) Datagram RPCs.},
  author={Kalia, Anuj and Kaminsky, Michael and Andersen, David G},
  booktitle={OSDI},
  pages={185--201},
  year={2016}
}

@inproceedings{kaminsky2016design,
  title={Design guidelines for high performance RDMA systems},
  author={Kaminsky, Anuj Kalia Michael and Andersen, David G},
  booktitle={2016 USENIX Annual Technical Conference},
  pages={437},
  year={2016}
}

@article{li2016achieving,
  title={Achieving One Billion Key-Value Requests per Second on a Single Server},
  author={Li, Sheng and Lim, Hyeontaek and Lee, Victor W and Ahn, Jung Ho and Kalia, Anuj and Kaminsky, Michael and Andersen, David G and Seongil, O and Lee, Sukhan and Dubey, Pradeep},
  journal={IEEE Micro},
  volume={36},
  number={3},
  pages={94--104},
  year={2016},
  publisher={IEEE}
}

@inproceedings{liu2015scheduling,
  title={Scheduling techniques for hybrid circuit/packet networks},
  author={Liu, He and Mukerjee, Matthew K and Li, Conglong and Feltman, Nicolas and Papen, George and Savage, Stefan and Seshan, Srinivasan and Voelker, Geoffrey M and Andersen, David G and Kaminsky, Michael and others},
  booktitle={Proceedings of the 11th ACM Conference on Emerging Networking Experiments and Technologies},
  pages={41},
  year={2015},
  organization={ACM}
}

@inproceedings{tu2013speedy,
  title={Speedy transactions in multicore in-memory databases},
  author={Tu, Stephen and Zheng, Wenting and Kohler, Eddie and Liskov, Barbara and Madden, Samuel},
  booktitle={Proceedings of the Twenty-Fourth ACM Symposium on Operating Systems Principles},
  pages={18--32},
  year={2013},
  organization={ACM}
}

@inproceedings{narula2014phase,
  title={Phase Reconciliation for Contended In-Memory Transactions.},
  author={Narula, Neha and Cutler, Cody and Kohler, Eddie and Morris, Robert},
  booktitle={OSDI},
  volume={14},
  pages={511--524},
  year={2014}
}

@inproceedings{zhang2015building,
  title={Building consistent transactions with inconsistent replication},
  author={Zhang, Irene and Sharma, Naveen Kr and Szekeres, Adriana and Krishnamurthy, Arvind and Ports, Dan RK},
  booktitle={Proceedings of the 25th Symposium on Operating Systems Principles},
  pages={263--278},
  year={2015},
  organization={ACM}
}

@inproceedings{ports2015designing,
  title={Designing Distributed Systems Using Approximate Synchrony in Data Center Networks.},
  author={Ports, Dan RK and Li, Jialin and Liu, Vincent and Sharma, Naveen Kr and Krishnamurthy, Arvind},
  booktitle={NSDI},
  pages={43--57},
  year={2015}
}

@inproceedings{zhuo2017understanding,
  title={Understanding and Mitigating Packet Corruption in Data Center Networks},
  author={Zhuo, Danyang and Ghobadi, Monia and Mahajan, Ratul and F{\"o}rster, Klaus-Tycho and Krishnamurthy, Arvind and Anderson, Thomas},
  booktitle={Proceedings of the Conference of the ACM Special Interest Group on Data Communication},
  pages={362--375},
  year={2017},
  organization={ACM}
}

@inproceedings{liu2017incbricks,
  title={IncBricks: Toward In-Network Computation with an In-Network Cache},
  author={Liu, Ming and Luo, Liang and Nelson, Jacob and Ceze, Luis and Krishnamurthy, Arvind and Atreya, Kishore},
  booktitle={Proceedings of the Twenty-Second International Conference on Architectural Support for Programming Languages and Operating Systems},
  pages={795--809},
  year={2017},
  organization={ACM}
}

@inproceedings {geng2018exploiting,
author = {Yilong Geng and Shiyu Liu and Zi Yin and Ashish Naik and Balaji Prabhakar and Mendel Rosenblum and Amin Vahdat},
title = {Exploiting a Natural Network Effect for Scalable, Fine-grained Clock Synchronization},
booktitle = {15th {USENIX} Symposium on Networked Systems Design and Implementation ({NSDI} 18)},
year = {2018},
isbn = {978-1-931971-43-0},
address = {Renton, WA},
pages = {81--94},
url = {https://www.usenix.org/conference/nsdi18/presentation/geng},
publisher = {{USENIX} Association},
}

@inproceedings{zhuo2017rail,
  title={RAIL: A Case for Redundant Arrays of Inexpensive Links in Data Center Networks.},
  author={Zhuo, Danyang and Ghobadi, Monia and Mahajan, Ratul and Phanishayee, Amar and Zou, Xuan Kelvin and Guan, Hang and Krishnamurthy, Arvind and Anderson, Thomas E},
  booktitle={NSDI},
  pages={561--576},
  year={2017}
}

@article{sewell2010x86,
  title={x86-TSO: a rigorous and usable programmer's model for x86 multiprocessors},
  author={Sewell, Peter and Sarkar, Susmit and Owens, Scott and Nardelli, Francesco Zappa and Myreen, Magnus O},
  journal={Communications of the ACM},
  volume={53},
  number={7},
  pages={89--97},
  year={2010},
  publisher={ACM}
}

@inproceedings{kaufmann2016high,
  title={High performance packet processing with flexnic},
  author={Kaufmann, Antoine and Peter, SImon and Sharma, Naveen Kr and Anderson, Thomas and Krishnamurthy, Arvind},
  booktitle={ACM SIGPLAN Notices},
  volume={51},
  number={4},
  pages={67--81},
  year={2016},
  organization={ACM}
}

@article{zhang2016operation,
  title={When Is Operation Ordering Required in Replicated Transactional Storage?},
  author={Zhang, Irene and Sharma, Naveen Kr and Szekeres, Adriana and Krishnamurthy, Arvind and Ports, Dan RK},
  journal={IEEE Data Eng. Bull.},
  volume={39},
  number={1},
  pages={27--38},
  year={2016}
}

@inproceedings{glendenning2011scalable,
  title={Scalable consistency in Scatter},
  author={Glendenning, Lisa and Beschastnikh, Ivan and Krishnamurthy, Arvind and Anderson, Thomas},
  booktitle={Proceedings of the Twenty-Third ACM Symposium on Operating Systems Principles},
  pages={15--28},
  year={2011},
  organization={ACM}
}

@inproceedings{katz2010reverse,
  title={Reverse traceroute.},
  author={Katz-Bassett, Ethan and Madhyastha, Harsha V and Adhikari, Vijay Kumar and Scott, Colin and Sherry, Justine and Van Wesep, Peter and Anderson, Thomas E and Krishnamurthy, Arvind},
  booktitle={NSDI},
  volume={10},
  pages={219--234},
  year={2010}
}

@inproceedings{lu2016snow,
  title={The SNOW Theorem and Latency-Optimal Read-Only Transactions.},
  author={Lu, Haonan and Hodsdon, Christopher and Ngo, Khiem and Mu, Shuai and Lloyd, Wyatt},
  booktitle={OSDI},
  pages={135--150},
  year={2016}
}

@inproceedings{mu2016consolidating,
  title={Consolidating Concurrency Control and Consensus for Commits under Conflicts.},
  author={Mu, Shuai and Nelson, Lamont and Lloyd, Wyatt and Li, Jinyang},
  booktitle={OSDI},
  pages={517--532},
  year={2016}
}

@inproceedings{lu2015existential,
  title={Existential consistency: Measuring and understanding consistency at facebook},
  author={Lu, Haonan and Veeraraghavan, Kaushik and Ajoux, Philippe and Hunt, Jim and Song, Yee Jiun and Tobagus, Wendy and Kumar, Sanjeev and Lloyd, Wyatt},
  booktitle={Proceedings of the 25th Symposium on Operating Systems Principles},
  pages={295--310},
  year={2015},
  organization={ACM}
}

@inproceedings{mu2014extracting,
  title={Extracting More Concurrency from Distributed Transactions.},
  author={Mu, Shuai and Cui, Yang and Zhang, Yang and Lloyd, Wyatt and Li, Jinyang},
  booktitle={OSDI},
  volume={14},
  pages={479--494},
  year={2014}
}

@inproceedings{ajoux2015challenges,
  title={Challenges to Adopting Stronger Consistency at Scale.},
  author={Ajoux, Phillipe and Bronson, Nathan and Kumar, Sanjeev and Lloyd, Wyatt and Veeraraghavan, Kaushik},
  booktitle={HotOS},
  year={2015}
}

@article{lloyd2014don,
  title={Don't settle for eventual consistency},
  author={Lloyd, Wyatt and Freedman, Michael J and Kaminsky, Michael and Andersen, David G},
  journal={Communications of the ACM},
  volume={57},
  number={5},
  pages={61--68},
  year={2014},
  publisher={ACM}
}

@inproceedings{lloyd2013stronger,
  title={Stronger Semantics for Low-Latency Geo-Replicated Storage.},
  author={Lloyd, Wyatt and Freedman, Michael J and Kaminsky, Michael and Andersen, David G},
  booktitle={NSDI},
  volume={13},
  pages={313--328},
  year={2013}
}

@inproceedings{fayazbakhsh2013less,
  title={Less pain, most of the gain: Incrementally deployable icn},
  author={Fayazbakhsh, Seyed Kaveh and Lin, Yin and Tootoonchian, Amin and Ghodsi, Ali and Koponen, Teemu and Maggs, Bruce and Ng, KC and Sekar, Vyas and Shenker, Scott},
  booktitle={ACM SIGCOMM Computer Communication Review},
  volume={43},
  number={4},
  pages={147--158},
  year={2013},
  organization={ACM}
}

@article{escriva2012hyperdex,
  title={HyperDex: A distributed, searchable key-value store},
  author={Escriva, Robert and Wong, Bernard and Sirer, Emin G{\"u}n},
  journal={ACM SIGCOMM Computer Communication Review},
  volume={42},
  number={4},
  pages={25--36},
  year={2012},
  publisher={ACM}
}

@article{calder2013don,
  title={Don't drop, detour!},
  author={Calder, Matt and Miao, Rui and Zarifis, Kyriakos and Katz-Bassett, Ethan and Yu, Minlan and Padhye, Jitendra},
  journal={ACM SIGCOMM Computer Communication Review},
  volume={43},
  number={4},
  pages={503--504},
  year={2013},
  publisher={ACM}
}

@inproceedings{cheng2014catch,
  title={Catch the Whole Lot in an Action: Rapid Precise Packet Loss Notification in Data Center.},
  author={Cheng, Peng and Ren, Fengyuan and Shu, Ran and Lin, Chuang},
  booktitle={NSDI},
  pages={17--28},
  year={2014}
}

@inproceedings{handley2017re,
  title={Re-architecting datacenter networks and stacks for low latency and high performance},
  author={Handley, Mark and Raiciu, Costin and Agache, Alexandru and Voinescu, Andrei and Moore, Andrew W and Antichi, Gianni and W{\'o}jcik, Marcin},
  booktitle={Proceedings of the Conference of the ACM Special Interest Group on Data Communication},
  pages={29--42},
  year={2017},
  organization={ACM}
}

@inproceedings{wang2017p4fpga,
  title={P4FPGA: A Rapid Prototyping Framework for P4},
  author={Wang, Han and Soul{\'e}, Robert and Dang, Huynh Tu and Lee, Ki Suh and Shrivastav, Vishal and Foster, Nate and Weatherspoon, Hakim},
  booktitle={Proceedings of the Symposium on SDN Research},
  pages={122--135},
  year={2017},
  organization={ACM}
}

@inproceedings{lee2016globally,
  title={Globally synchronized time via datacenter networks},
  author={Lee, Ki Suh and Wang, Han and Shrivastav, Vishal and Weatherspoon, Hakim},
  booktitle={Proceedings of the 2016 conference on ACM SIGCOMM 2016 Conference},
  pages={454--467},
  year={2016},
  organization={ACM}
}

@article{shin2013feasibility,
  title={On the feasibility of completely wirelesss datacenters},
  author={Shin, Ji-Yong and Sirer, Emin G{\"u}n and Weatherspoon, Hakim and Kirovski, Darko},
  journal={IEEE/ACM Transactions on Networking},
  volume={21},
  number={5},
  pages={1666--1679},
  year={2013},
  publisher={IEEE}
}

@inproceedings{schlinker2015condor,
  title={Condor: Better topologies through declarative design},
  author={Schlinker, Brandon and Mysore, Radhika Niranjan and Smith, Sean and Mogul, Jeffrey C and Vahdat, Amin and Yu, Minlan and Katz-Bassett, Ethan and Rubin, Michael},
  booktitle={ACM SIGCOMM Computer Communication Review},
  volume={45},
  number={4},
  pages={449--463},
  year={2015},
  organization={ACM}
}

@article{clos1953study,
  title={A Study of Non-Blocking Switching Networks},
  author={Clos, Charles},
  journal={Bell Labs Technical Journal},
  volume={32},
  number={2},
  pages={406--424},
  year={1953},
  publisher={Wiley Online Library}
}

@inproceedings{guo2008dcell,
  title={Dcell: a scalable and fault-tolerant network structure for data centers},
  author={Guo, Chuanxiong and Wu, Haitao and Tan, Kun and Shi, Lei and Zhang, Yongguang and Lu, Songwu},
  booktitle={ACM SIGCOMM Computer Communication Review},
  volume={38},
  number={4},
  pages={75--86},
  year={2008},
  organization={ACM}
}

@article{guo2009bcube,
  title={BCube: a high performance, server-centric network architecture for modular data centers},
  author={Guo, Chuanxiong and Lu, Guohan and Li, Dan and Wu, Haitao and Zhang, Xuan and Shi, Yunfeng and Tian, Chen and Zhang, Yongguang and Lu, Songwu},
  journal={ACM SIGCOMM Computer Communication Review},
  volume={39},
  number={4},
  pages={63--74},
  year={2009},
  publisher={ACM}
}

@article{leiserson1985fat,
  title={Fat-trees: universal networks for hardware-efficient supercomputing},
  author={Leiserson, Charles E},
  journal={IEEE transactions on Computers},
  volume={100},
  number={10},
  pages={892--901},
  year={1985},
  publisher={IEEE}
}

@inproceedings{liu2013f10,
  title={F10: A Fault-Tolerant Engineered Network.},
  author={Liu, Vincent and Halperin, Daniel and Krishnamurthy, Arvind and Anderson, Thomas E},
  booktitle={NSDI},
  pages={399--412},
  year={2013}
}

@inproceedings{singla2012jellyfish,
  title={Jellyfish: Networking Data Centers, Randomly.},
  author={Singla, Ankit and Hong, Chi-Yao and Popa, Lucian and Godfrey, Philip Brighten},
  booktitle={NSDI},
  volume={12},
  pages={17--17},
  year={2012}
}

@inproceedings{cui2016diamond,
  title={Diamond: Nesting the Data Center Network with Wireless Rings in 3D Space.},
  author={Cui, Yong and Xiao, Shihan and Wang, Xin and Yang, Zhenjie and Zhu, Chao and Li, Xiangyang and Yang, Liu and Ge, Ning},
  booktitle={NSDI},
  pages={657--669},
  year={2016}
}

@inproceedings{hamedazimi2014firefly,
  title={Firefly: A reconfigurable wireless data center fabric using free-space optics},
  author={Hamedazimi, Navid and Qazi, Zafar and Gupta, Himanshu and Sekar, Vyas and Das, Samir R and Longtin, Jon P and Shah, Himanshu and Tanwer, Ashish},
  booktitle={ACM SIGCOMM Computer Communication Review},
  volume={44},
  number={4},
  pages={319--330},
  year={2014},
  organization={ACM}
}

@inproceedings{ghobadi2016projector,
  title={Projector: Agile reconfigurable data center interconnect},
  author={Ghobadi, Monia and Mahajan, Ratul and Phanishayee, Amar and Devanur, Nikhil and Kulkarni, Janardhan and Ranade, Gireeja and Blanche, Pierre-Alexandre and Rastegarfar, Houman and Glick, Madeleine and Kilper, Daniel},
  booktitle={Proceedings of the 2016 conference on ACM SIGCOMM 2016 Conference},
  pages={216--229},
  year={2016},
  organization={ACM}
}

@inproceedings{vanini2017let,
  title={Let It Flow: Resilient Asymmetric Load Balancing with Flowlet Switching.},
  author={Vanini, Erico and Pan, Rong and Alizadeh, Mohammad and Taheri, Parvin and Edsall, Tom},
  booktitle={NSDI},
  pages={407--420},
  year={2017}
}

@inproceedings{gill2011understanding,
  title={Understanding network failures in data centers: measurement, analysis, and implications},
  author={Gill, Phillipa and Jain, Navendu and Nagappan, Nachiappan},
  booktitle={ACM SIGCOMM Computer Communication Review},
  volume={41},
  number={4},
  pages={350--361},
  year={2011},
  organization={ACM}
}

@inproceedings{alizadeh2014conga,
  title={CONGA: Distributed congestion-aware load balancing for datacenters},
  author={Alizadeh, Mohammad and Edsall, Tom and Dharmapurikar, Sarang and Vaidyanathan, Ramanan and Chu, Kevin and Fingerhut, Andy and Matus, Francis and Pan, Rong and Yadav, Navindra and Varghese, George and others},
  booktitle={ACM SIGCOMM Computer Communication Review},
  volume={44},
  number={4},
  pages={503--514},
  year={2014},
  organization={ACM}
}

@inproceedings{miao2017silkroad,
  title={SilkRoad: Making Stateful Layer-4 Load Balancing Fast and Cheap Using Switching ASICs},
  author={Miao, Rui and Zeng, Hongyi and Kim, Changhoon and Lee, Jeongkeun and Yu, Minlan},
  booktitle={Proceedings of the Conference of the ACM Special Interest Group on Data Communication},
  pages={15--28},
  year={2017},
  organization={ACM}
}

@inproceedings{li2016lossradar,
  title={LossRadar: Fast Detection of Lost Packets in Data Center Networks.},
  author={Li, Yuliang and Miao, Rui and Kim, Changhoon and Yu, Minlan},
  booktitle={CoNEXT},
  pages={481--495},
  year={2016}
}

@article{adya1995efficient,
  title={Efficient optimistic concurrency control using loosely synchronized clocks},
  author={Adya, Atul and Gruber, Robert and Liskov, Barbara and Maheshwari, Umesh},
  journal={ACM SIGMOD Record},
  volume={24},
  number={2},
  pages={23--34},
  year={1995},
  publisher={ACM}
}

@inproceedings{baker2011megastore,
  title={Megastore: Providing scalable, highly available storage for interactive services.},
  author={Baker, Jason and Bond, Chris and Corbett, James C and Furman, JJ and Khorlin, Andrey and Larson, James and Leon, Jean-Michel and Li, Yawei and Lloyd, Alexander and Yushprakh, Vadim},
  booktitle={CIDR},
  volume={11},
  pages={223--234},
  year={2011}
}

@book{birman1987exploiting,
  title={Exploiting virtual synchrony in distributed systems},
  author={Birman, Ken and Joseph, Thomas},
  volume={21},
  number={5},
  year={1987},
  publisher={ACM}
}

@inproceedings{cooper2010benchmarking,
  title={Benchmarking cloud serving systems with YCSB},
  author={Cooper, Brian F and Silberstein, Adam and Tam, Erwin and Ramakrishnan, Raghu and Sears, Russell},
  booktitle={Proceedings of the 1st ACM symposium on Cloud computing},
  pages={143--154},
  year={2010},
  organization={ACM}
}

@article{corbett2013spanner,
  title={Spanner: Google’s globally distributed database},
  author={Corbett, James C and Dean, Jeffrey and Epstein, Michael and Fikes, Andrew and Frost, Christopher and Furman, Jeffrey John and Ghemawat, Sanjay and Gubarev, Andrey and Heiser, Christopher and Hochschild, Peter and others},
  journal={ACM Transactions on Computer Systems (TOCS)},
  volume={31},
  number={3},
  pages={8},
  year={2013},
  publisher={ACM}
}

@inproceedings{cowling2012granola,
  title={Granola: Low-Overhead Distributed Transaction Coordination.},
  author={Cowling, James A and Liskov, Barbara},
  booktitle={USENIX Annual Technical Conference},
  volume={12},
  year={2012}
}

@inproceedings{dey2014ycsbt,
  title={YCSB+ T: Benchmarking web-scale transactional databases},
  author={Dey, Akon and Fekete, Alan and Nambiar, Raghunath and Rohm, Uwe},
  booktitle={Data Engineering Workshops (ICDEW), 2014 IEEE 30th International Conference on},
  pages={223--230},
  year={2014},
  organization={IEEE}
}

@inproceedings{dragojevic2014farm,
  title={FaRM: Fast remote memory},
  author={Dragojevi{\'c}, Aleksandar and Narayanan, Dushyanth and Hodson, Orion and Castro, Miguel},
  booktitle={Proceedings of the 11th USENIX Conference on Networked Systems Design and Implementation},
  pages={401--414},
  year={2014}
}

@inproceedings{dragojevic2015no,
  title={No compromises: distributed transactions with consistency, availability, and performance},
  author={Dragojevi{\'c}, Aleksandar and Narayanan, Dushyanth and Nightingale, Edmund B and Renzelmann, Matthew and Shamis, Alex and Badam, Anirudh and Castro, Miguel},
  booktitle={Proceedings of the 25th symposium on operating systems principles},
  pages={54--70},
  year={2015},
  organization={ACM}
}

@article{herlihy1990linearizability,
  title={Linearizability: A correctness condition for concurrent objects},
  author={Herlihy, Maurice P and Wing, Jeannette M},
  journal={ACM Transactions on Programming Languages and Systems (TOPLAS)},
  volume={12},
  number={3},
  pages={463--492},
  year={1990},
  publisher={ACM}
}

@inproceedings{jones2010low,
  title={Low overhead concurrency control for partitioned main memory databases},
  author={Jones, Evan PC and Abadi, Daniel J and Madden, Samuel},
  booktitle={Proceedings of the 2010 ACM SIGMOD International Conference on Management of data},
  pages={603--614},
  year={2010},
  organization={ACM}
}

@book{terry1995managing,
  title={Managing update conflicts in Bayou, a weakly connected replicated storage system},
  author={Terry, Douglas B and Theimer, Marvin M and Petersen, Karin and Demers, Alan J and Spreitzer, Mike J and Hauser, Carl H},
  volume={29},
  number={5},
  year={1995},
  publisher={ACM}
}

@inproceedings{petersen1997flexible,
  title={Flexible update propagation for weakly consistent replication},
  author={Petersen, Karin and Spreitzer, Mike J and Terry, Douglas B and Theimer, Marvin M and Demers, Alan J},
  booktitle={ACM SIGOPS Operating Systems Review},
  volume={31},
  number={5},
  pages={288--301},
  year={1997},
  organization={ACM}
}

@book{gharachorloo1990memory,
  title={Memory consistency and event ordering in scalable shared-memory multiprocessors},
  author={Gharachorloo, Kourosh and Lenoski, Daniel and Laudon, James and Gibbons, Phillip and Gupta, Anoop and Hennessy, John},
  volume={18},
  number={2SI},
  year={1990},
  publisher={ACM}
}

@inproceedings{lu2016snow,
  title={The SNOW Theorem and Latency-Optimal Read-Only Transactions.},
  author={Lu, Haonan and Hodsdon, Christopher and Ngo, Khiem and Mu, Shuai and Lloyd, Wyatt},
  booktitle={OSDI},
  pages={135--150},
  year={2016}
}

@inproceedings{belaramani2006practi,
  title={PRACTI Replication.},
  author={Belaramani, Nalini Moti and Dahlin, Michael and Gao, Lei and Nayate, Amol and Venkataramani, Arun and Yalagandula, Praveen and Zheng, Jiandan},
  booktitle={NSDI},
  volume={6},
  pages={5--5},
  year={2006}
}

@article{kallman2008h,
  title={H-store: a high-performance, distributed main memory transaction processing system},
  author={Kallman, Robert and Kimura, Hideaki and Natkins, Jonathan and Pavlo, Andrew and Rasin, Alexander and Zdonik, Stanley and Jones, Evan PC and Madden, Samuel and Stonebraker, Michael and Zhang, Yang and others},
  journal={Proceedings of the VLDB Endowment},
  volume={1},
  number={2},
  pages={1496--1499},
  year={2008},
  publisher={VLDB Endowment}
}

@inproceedings{morrison2013fast,
  title={Fast concurrent queues for x86 processors},
  author={Morrison, Adam and Afek, Yehuda},
  booktitle={ACM SIGPLAN Notices},
  volume={48},
  number={8},
  pages={103--112},
  year={2013},
  organization={ACM}
}

@inproceedings{tassarotti2015verifying,
  title={Verifying read-copy-update in a logic for weak memory},
  author={Tassarotti, Joseph and Dreyer, Derek and Vafeiadis, Viktor},
  booktitle={ACM SIGPLAN Notices},
  volume={50},
  number={6},
  pages={110--120},
  year={2015},
  organization={ACM}
}

@inproceedings{rodrigues1998scalable,
  title={Scalable atomic multicast},
  author={Rodrigues, Luis and Guerraoui, Rachid and Schiper, Andr{\'e}},
  booktitle={Computer Communications and Networks, 1998. Proceedings. 7th International Conference on},
  pages={840--847},
  year={1998},
  organization={IEEE}
}

@inproceedings{chakraborty2011reliable,
  title={A reliable and total order tree based broadcast in wireless sensor network},
  author={Chakraborty, Suchetana and Chakraborty, Sandip and Nandi, Sukumar and Karmakar, Sushanta},
  booktitle={Computer and Communication Technology (ICCCT), 2011 2nd International Conference on},
  pages={618--623},
  year={2011},
  organization={IEEE}
}

@inproceedings{greenberg2009vl2,
  title={VL2: a scalable and flexible data center network},
  author={Greenberg, Albert and Hamilton, James R and Jain, Navendu and Kandula, Srikanth and Kim, Changhoon and Lahiri, Parantap and Maltz, David A and Patel, Parveen and Sengupta, Sudipta},
  booktitle={ACM SIGCOMM computer communication review},
  volume={39},
  number={4},
  pages={51--62},
  year={2009},
  organization={ACM}
}

@inproceedings{lu2011serverswitch,
  title={ServerSwitch: A Programmable and High Performance Platform for Data Center Networks.},
  author={Lu, Guohan and Guo, Chuanxiong and Li, Yulong and Zhou, Zhiqiang and Yuan, Tong and Wu, Haitao and Xiong, Yongqiang and Gao, Rui and Zhang, Yongguang},
  booktitle={Nsdi},
  volume={11},
  pages={2--2},
  year={2011}
}

@inproceedings{kraska2013mdcc,
  title={MDCC: Multi-data center consistency},
  author={Kraska, Tim and Pang, Gene and Franklin, Michael J and Madden, Samuel and Fekete, Alan},
  booktitle={Proceedings of the 8th ACM European Conference on Computer Systems},
  pages={113--126},
  year={2013},
  organization={ACM}
}

@inproceedings{thomson2012calvin,
  title={Calvin: fast distributed transactions for partitioned database systems},
  author={Thomson, Alexander and Diamond, Thaddeus and Weng, Shu-Chun and Ren, Kun and Shao, Philip and Abadi, Daniel J},
  booktitle={Proceedings of the 2012 ACM SIGMOD International Conference on Management of Data},
  pages={1--12},
  year={2012},
  organization={ACM}
}

@article{thomson2014fast,
  title={Fast distributed transactions and strongly consistent replication for oltp database systems},
  author={Thomson, Alexander and Diamond, Thaddeus and Weng, Shu-Chun and Ren, Kun and Shao, Philip and Abadi, Daniel J},
  journal={ACM Transactions on Database Systems (TODS)},
  volume={39},
  number={2},
  pages={11},
  year={2014},
  publisher={ACM}
}

@article{council2005transaction,
  title={Transaction processing performance council},
  author={Council, Transaction Processing Performance},
  journal={Web Site, http://www. tpc. org},
  year={2005},
  publisher={Citeseer}
}

@article{elson2002fine,
  title={Fine-grained network time synchronization using reference broadcasts},
  author={Elson, Jeremy and Girod, Lewis and Estrin, Deborah},
  journal={ACM SIGOPS Operating Systems Review},
  volume={36},
  number={SI},
  pages={147--163},
  year={2002},
  publisher={ACM}
}

@article{jefferson1985virtual,
  title={Virtual time},
  author={Jefferson, David R},
  journal={ACM Transactions on Programming Languages and Systems (TOPLAS)},
  volume={7},
  number={3},
  pages={404--425},
  year={1985},
  publisher={ACM}
}

@inproceedings{aguilera2000efficient,
  title={Efficient atomic broadcast using deterministic merge},
  author={Aguilera, Marcos Kawazoe and Strom, Robert E},
  booktitle={Proceedings of the nineteenth annual ACM symposium on Principles of distributed computing},
  pages={209--218},
  year={2000},
  organization={ACM}
}

@techreport{hadzilacos1994modular,
  title={A modular approach to fault-tolerant broadcasts and related problems},
  author={Hadzilacos, Vassos and Toueg, Sam},
  year={1994},
  institution={Cornell University}
}

@inproceedings{bai2017congestion,
  title={Congestion Control for High-speed Extremely Shallow-buffered Datacenter Networks},
  author={Bai, Wei and Chen, Kai and Hu, Shuihai and Tan, Kun and Xiong, Yongqiang},
  booktitle={Proceedings of the First Asia-Pacific Workshop on Networking},
  pages={29--35},
  year={2017},
  organization={ACM}
}

@inproceedings{sivaraman2016programmable,
  title={Programmable Packet Scheduling at Line Rate},
  author={Sivaraman, Anirudh and Subramanian, Suvinay and Alizadeh, Mohammad and Chole, Sharad and Chuang, Shang-Tse and Agrawal, Anurag and Balakrishnan, Hari and Edsall, Tom and Katti, Sachin and McKeown, Nick},
  booktitle={Proceedings of the 2016 Conference on ACM SIGCOMM 2016 Conference},
  pages={44--57},
  year={2016},
  organization={ACM}
}

@inproceedings{sivaraman2015towards,
  title={Towards programmable packet scheduling},
  author={Sivaraman, Anirudh and Subramanian, Suvinay and Agrawal, Anurag and Chole, Sharad and Chuang, Shang-Tse and Edsall, Tom and Alizadeh, Mohammad and Katti, Sachin and McKeown, Nick and Balakrishnan, Hari},
  booktitle={Proceedings of the 14th ACM workshop on hot topics in networks},
  pages={23},
  year={2015},
  organization={ACM}
}

@book{tanenbaum2007distributed,
  title={Distributed systems: principles and paradigms},
  author={Tanenbaum, Andrew S and Van Steen, Maarten},
  year={2007},
  publisher={Prentice-Hall}
}

@article{lamport1978implementation,
  title={The implementation of reliable distributed multiprocess systems},
  author={Lamport, Leslie},
  journal={Computer Networks (1976)},
  volume={2},
  number={2},
  pages={95--114},
  year={1978},
  publisher={Elsevier}
}

@article{kung1981optimistic,
  title={On optimistic methods for concurrency control},
  author={Kung, Hsiang-Tsung and Robinson, John T},
  journal={ACM Transactions on Database Systems (TODS)},
  volume={6},
  number={2},
  pages={213--226},
  year={1981},
  publisher={ACM}
}

@article{bernstein1983multiversion,
  title={Multiversion concurrency control—theory and algorithms},
  author={Bernstein, Philip A tpcand Goodman, Nathan},
  journal={ACM Transactions on Database Systems (TODS)},
  volume={8},
  number={4},
  pages={465--483},
  year={1983},
  publisher={ACM}
}

@article{kallman2008h,
  title={H-store: a high-performance, distributed main memory transaction processing system},
  author={Kallman, Robert and Kimura, Hideaki and Natkins, Jonathan and Pavlo, Andrew and Rasin, Alexander and Zdonik, Stanley and Jones, Evan PC and Madden, Samuel and Stonebraker, Michael and Zhang, Yang and others},
  journal={Proceedings of the VLDB Endowment},
  volume={1},
  number={2},
  pages={1496--1499},
  year={2008},
  publisher={VLDB Endowment}
}

@article{yu2014staring,
  title={Staring into the abyss: An evaluation of concurrency control with one thousand cores},
  author={Yu, Xiangyao and Bezerra, George and Pavlo, Andrew and Devadas, Srinivas and Stonebraker, Michael},
  journal={Proceedings of the VLDB Endowment},
  volume={8},
  number={3},
  pages={209--220},
  year={2014},
  publisher={VLDB Endowment}
}

@inproceedings{netcache-sosp17,
  author = {Xin Jin and Xiaozhou Li and Haoyu Zhang and Robert Soule and Jeongkeun Lee and Nate Foster and Changhoon Kim and Ion Stoica}, 
  title = {{NetCache: Balancing Key-Value Stores with Fast In-Network Caching}},
  booktitle = {Proceedings of the 26th ACM Symposium on Operating Systems Principles},
  series = {SOSP '17},
  year = {2017},
  location = {Shanghai, China},
}

@article{lamport1998part,
  title={The part-time parliament},
  author={Lamport, Leslie},
  journal={ACM Transactions on Computer Systems (TOCS)},
  volume={16},
  number={2},
  pages={133--169},
  year={1998},
  publisher={ACM}
}

@inproceedings{bosshart2013forwarding,
  title={Forwarding metamorphosis: Fast programmable match-action processing in hardware for SDN},
  author={Bosshart, Pat and Gibb, Glen and Kim, Hun-Seok and Varghese, George and McKeown, Nick and Izzard, Martin and Mujica, Fernando and Horowitz, Mark},
  booktitle={ACM SIGCOMM Computer Communication Review},
  volume={43},
  number={4},
  pages={99--110},
  year={2013},
  organization={ACM}
}

@misc{broadcom,
  title={Broadcom Tomahawk},
  url={https://people.ucsc.edu/∼warner/
Bufs/tomahawk}
}


@misc{arista,
  title={Arista 7060CX-32 and 7260CX-64},
  url={https://people.ucsc.edu/
∼warner/Bufs/7060CX.html}
}

@misc{tofino,
title={Barefoot. 2017. Barefoot Tofino},
url={https://www.barefootnetworks.
com/technology/#tofino}
}

@inproceedings{bai2017congestion,
  title={Congestion Control for High-speed Extremely Shallow-buffered Datacenter Networks},
  author={Bai, Wei and Chen, Kai and Hu, Shuihai and Tan, Kun and Xiong, Yongqiang},
  booktitle={Proceedings of the First Asia-Pacific Workshop on Networking},
  pages={29--35},
  year={2017},
  organization={ACM}
}

@inproceedings{sivaraman2016programmable,
  title={Programmable Packet Scheduling at Line Rate},
  author={Sivaraman, Anirudh and Subramanian, Suvinay and Alizadeh, Mohammad and Chole, Sharad and Chuang, Shang-Tse and Agrawal, Anurag and Balakrishnan, Hari and Edsall, Tom and Katti, Sachin and McKeown, Nick},
  booktitle={Proceedings of the 2016 Conference on ACM SIGCOMM 2016 Conference},
  pages={44--57},
  year={2016},
  organization={ACM}
}

@article{jacobson1992tcp,
  title={TCP extensions for high performance},
  author={Jacobson, Van and Braden, Robert and Borman, David},
  year={1992}
}

@misc{infinibandrocev2,
  title={RoCEv2, September 2014},
  author={Infiniband Trade Association and others}
}

@article{henderson2008network,
  title={Network simulations with the ns-3 simulator},
  author={Henderson, Thomas R and Lacage, Mathieu and Riley, George F and Dowell, C and Kopena, J},
  journal={SIGCOMM demonstration},
  volume={14},
  number={14},
  pages={527},
  year={2008}
}

@inproceedings{dey2014ycsb+,
  title={YCSB+ T: Benchmarking web-scale transactional databases},
  author={Dey, Akon and Fekete, Alan and Nambiar, Raghunath and Rohm, Uwe},
  booktitle={Data Engineering Workshops (ICDEW), 2014 IEEE 30th International Conference on},
  pages={223--230},
  year={2014},
  organization={IEEE}
}

@article{guo2015pingmesh,
  title={Pingmesh: A large-scale system for data center network latency measurement and analysis},
  author={Guo, Chuanxiong and Yuan, Lihua and Xiang, Dong and Dang, Yingnong and Huang, Ray and Maltz, Dave and Liu, Zhaoyi and Wang, Vin and Pang, Bin and Chen, Hua and others},
  journal={ACM SIGCOMM Computer Communication Review},
  volume={45},
  number={4},
  pages={139--152},
  year={2015},
  publisher={ACM}
}

@inproceedings{kv-direct,
 author = {Li, Bojie and Ruan, Zhenyuan and Xiao, Wencong and Lu, Yuanwei and Xiong, Yongqiang and Putnam, Andrew and Chen, Enhong and Zhang, Lintao},
 title = {KV-Direct: High-Performance In-Memory Key-Value Store with Programmable NIC},
 booktitle = {Proceedings of the 26th Symposium on Operating Systems Principles},
 series = {SOSP '17},
 year = {2017},
 isbn = {978-1-4503-5085-3},
 location = {Shanghai, China},
 pages = {137--152},
 numpages = {16},
 url = {http://doi.acm.org/10.1145/3132747.3132756},
 doi = {10.1145/3132747.3132756},
 acmid = {3132756},
 publisher = {ACM},
 address = {New York, NY, USA},
 keywords = {Key-Value Store, Performance, Programmable Hardware},
} 

@inproceedings{clicknp,
 author = {Li, Bojie and Tan, Kun and Luo, Layong (Larry) and Peng, Yanqing and Luo, Renqian and Xu, Ningyi and Xiong, Yongqiang and Cheng, Peng and Chen, Enhong},
 title = {ClickNP: Highly Flexible and High Performance Network Processing with Reconfigurable Hardware},
 booktitle = {Proceedings of the 2016 ACM SIGCOMM Conference},
 series = {SIGCOMM '16},
 year = {2016},
 isbn = {978-1-4503-4193-6},
 location = {Florianopolis, Brazil},
 pages = {1--14},
 numpages = {14},
 url = {http://doi.acm.org/10.1145/2934872.2934897},
 doi = {10.1145/2934872.2934897},
 acmid = {2934897},
 publisher = {ACM},
 address = {New York, NY, USA},
 keywords = {Compiler, FPGA, Network Function Virtualization, Reconfigurable Hardware},
} 

@article{mills1991internet,
  title={Internet time synchronization: the network time protocol},
  author={Mills, David L},
  journal={IEEE Transactions on communications},
  volume={39},
  number={10},
  pages={1482--1493},
  year={1991},
  publisher={IEEE}
}

@inproceedings{correll2005design,
  title={Design considerations for software only implementations of the IEEE 1588 precision time protocol},
  author={Correll, Kendall and Barendt, Nick and Branicky, Michael},
  booktitle={Conference on IEEE},
  volume={1588},
  pages={11--15},
  year={2005}
}



@article{defago2004total,
  title={Total order broadcast and multicast algorithms: Taxonomy and survey},
  author={D{\'e}fago, Xavier and Schiper, Andr{\'e} and Urb{\'a}n, P{\'e}ter},
  journal={ACM Computing Surveys (CSUR)},
  volume={36},
  number={4},
  pages={372--421},
  year={2004},
  publisher={ACM}
}

@inproceedings{rajagopalan1989token,
  title={A token-based protocol for reliable, ordered multicast communication},
  author={Rajagopalan, B and McKinley, Philip K},
  booktitle={Reliable Distributed Systems, 1989., Proceedings of the Eighth Symposium on},
  pages={84--93},
  year={1989},
  organization={IEEE}
}

@article{kim1997total,
  title={A total ordering protocol using a dynamic token-passing scheme},
  author={Kim, Jongsung and Kim, Cheeha},
  journal={Distributed Systems Engineering},
  volume={4},
  number={2},
  pages={87},
  year={1997},
  publisher={IOP Publishing}
}

@inproceedings{ekwall2004token,
  title={Token-based atomic broadcast using unreliable failure detectors},
  author={Ekwall, Richard and Schiper, Andr{\'e} and Urb{\'a}n, P{\'e}ter},
  booktitle={Reliable Distributed Systems, 2004. Proceedings of the 23rd IEEE International Symposium on},
  pages={52--65},
  year={2004},
  organization={IEEE}
}

@article{chandra1996unreliable,
  title={Unreliable failure detectors for reliable distributed systems},
  author={Chandra, Tushar Deepak and Toueg, Sam},
  journal={Journal of the ACM (JACM)},
  volume={43},
  number={2},
  pages={225--267},
  year={1996},
  publisher={ACM}
}

@inproceedings{aguilera2000efficient,
  title={Efficient atomic broadcast using deterministic merge},
  author={Aguilera, Marcos Kawazoe and Strom, Robert E},
  booktitle={Proceedings of the nineteenth annual ACM symposium on Principles of distributed computing},
  pages={209--218},
  year={2000},
  organization={ACM}
}